<?xml version="1.0" encoding="UTF-8"?>
<collection xmlns:xsi="http://www.w3.org/2001/XMLSchema-instance" xsi:schemaLocation="http://www.loc.gov/MARC21/slim http://www.loc.gov/standards/marcxml/schema/MARC21slim.xsd" xmlns="http://www.loc.gov/MARC21/slim">
<record>
  <leader>01157cam a22003131  4500</leader>
  <controlfield tag="001">2508797</controlfield>
  <controlfield tag="003">NNC</controlfield>
  <controlfield tag="005">20100222223026.0</controlfield>
  <controlfield tag="008">930223s1968    iq       b    000 0 ara  </controlfield>
  <datafield tag="010" ind1=" " ind2=" ">
    <subfield code="a">ne 68002812  </subfield>
  </datafield>
  <datafield tag="035" ind1=" " ind2=" ">
    <subfield code="a">(OCoLC)14228328</subfield>
  </datafield>
  <datafield tag="035" ind1=" " ind2=" ">
    <subfield code="a">(OCoLC)ocm14228328</subfield>
  </datafield>
  <datafield tag="035" ind1=" " ind2=" ">
    <subfield code="9">AQG0593CU</subfield>
  </datafield>
  <datafield tag="035" ind1=" " ind2=" ">
    <subfield code="a">(NNC)2508797</subfield>
  </datafield>
  <datafield tag="040" ind1=" " ind2=" ">
    <subfield code="a">DLC</subfield>
    <subfield code="c">CU</subfield>
    <subfield code="d">CStRLIN</subfield>
    <subfield code="d">MH-L</subfield>
  </datafield>
  <datafield tag="043" ind1=" " ind2=" ">
    <subfield code="a">a-iq---</subfield>
  </datafield>
  <datafield tag="066" ind1=" " ind2=" ">
    <subfield code="c">(3</subfield>
  </datafield>
  <datafield tag="090" ind1=" " ind2=" ">
    <subfield code="a">HD7091</subfield>
    <subfield code="b">.S253</subfield>
  </datafield>
  <datafield tag="100" ind1="1" ind2=" ">
    <subfield code="a">Saʻīd, Ṣādiq Mahdī.</subfield>
  </datafield>
  <datafield tag="245" ind1="1" ind2="3">
    <subfield code="a">al-Ḍamān al-ijtimāʻī wa-qānūn al-ḍamān al-ijtimāʻī al-ʻIrāqī al-munaffadh iʻtibāran min 1/4/1966</subfield>
    <subfield code="c">[taʾlīf] Ṣādiq Mahdī al-Saʻīd.</subfield>
  </datafield>
  <datafield tag="260" ind1=" " ind2=" ">
    <subfield code="a">Baghdād,</subfield>
    <subfield code="b">Maṭbaʻat al-Maʻārif,</subfield>
    <subfield code="c">1968.</subfield>
  </datafield>
  <datafield tag="300" ind1=" " ind2=" ">
    <subfield code="a">443 p.</subfield>
    <subfield code="c">25 cm.</subfield>
  </datafield>
  <datafield tag="500" ind1=" " ind2=" ">
    <subfield code="a">Added t.p.: Sécurité sociale et la loi de sécurité sociale en Irak, par Sadek M. el-Said.</subfield>
  </datafield>
  <datafield tag="504" ind1=" " ind2=" ">
    <subfield code="a">Bibliographical footnotes.</subfield>
  </datafield>
  <datafield tag="650" ind1=" " ind2="0">
    <subfield code="a">Social security.</subfield>
  </datafield>
  <datafield tag="650" ind1=" " ind2="0">
    <subfield code="a">Social security</subfield>
    <subfield code="x">Law and legislation</subfield>
    <subfield code="z">Iraq.</subfield>
  </datafield>
  <datafield tag="710" ind1="1" ind2=" ">
    <subfield code="a">Iraq.</subfield>
    <subfield code="t">Qānūn al-ḍamān al-ijtimāʻī (1964)</subfield>
  </datafield>
  <datafield tag="740" ind1="0" ind2=" ">
    <subfield code="a">Sécurité sociale et la loi de sécurité en Irak.</subfield>
  </datafield>
  <datafield tag="955" ind1=" " ind2=" ">
    <subfield code="b">CU57980373</subfield>
    <subfield code="d">off,leh</subfield>
    <subfield code="e">HD7091 .S253</subfield>
  </datafield>
</record>
</collection>